<record><leader>00000cas a22000007a 4500</leader><controlfield tag="001">15041991</controlfield><controlfield tag="008">870107d18521854wiuir ne      0    0eng d</controlfield><datafield ind1=" " ind2=" " tag="010"><subfield code="a">sn 87082016 </subfield></datafield><datafield ind1=" " ind2=" " tag="040"><subfield code="a">NPV</subfield><subfield code="b">eng</subfield><subfield code="c">NPV</subfield><subfield code="d">NVF</subfield><subfield code="d">OCL</subfield><subfield code="d">OCLCQ</subfield></datafield><datafield ind1=" " ind2=" " tag="042"><subfield code="a">msc</subfield></datafield><datafield ind1="0" ind2=" " tag="130"><subfield code="a">Milwaukee morning news (Milwaukee, Wis. : Triweekly)</subfield></datafield><datafield ind1="0" ind2="0" tag="245"><subfield code="a">[Milwaukee morning news].</subfield></datafield><datafield ind1="3" ind2="0" tag="246"><subfield code="a">Morning news</subfield></datafield><datafield ind1=" " ind2=" " tag="260"><subfield code="a">Milwaukee, Wis. :</subfield><subfield code="b">[Shaw &amp; Hyer]</subfield></datafield><datafield ind1=" " ind2=" " tag="300"><subfield code="a">v.</subfield></datafield><datafield ind1=" " ind2=" " tag="310"><subfield code="a">Triweekly</subfield></datafield><datafield ind1="1" ind2=" " tag="362"><subfield code="a">Began in May 1852; ceased in Aug. 1854?</subfield></datafield><datafield ind1=" " ind2=" " tag="500"><subfield code="a">Triweekly consists of reprints of the inside pages of two daily issues without masthead.</subfield></datafield><datafield ind1=" " ind2=" " tag="580"><subfield code="a">Daily ed.: Milwaukee morning news, &lt;1853-1854&gt;.</subfield></datafield><datafield ind1=" " ind2=" " tag="588"><subfield code="a">Description based on: Apr. 27, 1853.</subfield></datafield><datafield ind1=" " ind2=" " tag="752"><subfield code="a">United States</subfield><subfield code="b">Wisconsin</subfield><subfield code="c">Milwaukee</subfield><subfield code="d">Milwaukee.</subfield></datafield><datafield ind1=" " ind2=" " tag="752"><subfield code="a">United States</subfield><subfield code="b">Wisconsin</subfield><subfield code="c">Washington</subfield><subfield code="d">Milwaukee.</subfield></datafield><datafield ind1="1" ind2=" " tag="775"><subfield code="t">Milwaukee morning news</subfield><subfield code="w">(DLC)sn 86072084</subfield></datafield></record>